#
#	Bibliography for C++ lectures
#
@BOOK{Alexandrescu:2003:MCD,
  AUTHOR       = {Andrei Alexandrescu},
  TITLE        = "Modernes zu {C++} {D}esign",
  SERIES       = {C++ In-Depth Series},
  EDITORS      = {Bjarne Stroustrup},
  EDITION      = {1.},
  PUBLISHER    = "mitp-Verlag",
  ADDRESS      = "Berlin",
  YEAR         = 2003,
  ANNOTE       = "Math.-Lib. Graz: 66A 382"
}

@BOOK{Breymann:2007:KEC,
  AUTHOR       = {Ulrich Breymann},
  TITLE        = {C++. Einf\"uhrung und professionelle Programmierung},
  EDITION      = {9th},
  PUBLISHER    = "Hanser Fachbuchverlag",
  YEAR         = 2007,
  PAGES        = 768,
  ANNOTE       = "Math.-Lib. Graz: 66 B 848",
  NOTE         = {\url{http://www.oop-mit-cpp.de/}}
}

@BOOK{Breymann:2011:DCP,
  AUTHOR       = {Ulrich Breymann},
  TITLE        = {Der C++ Programmierer},
  EDITION      = {2nd},
  PUBLISHER    = "Hanser Fachbuchverlag",
  YEAR         = 2011,
  PAGES        = 985,
  ANNOTE       = "Math.-Lib. Graz: 66 B XXX",
  NOTE         = {\url{http://www.cppbuch.de/}}
}

@BOOK{Breymann:2017:DCP,
  AUTHOR       = {Ulrich Breymann},
  TITLE        = {Der C++ Programmierer - Aktuell zu C++17},
  EDITION      = {5th},
  PUBLISHER    = "Hanser Fachbuchverlag",
  YEAR         = 2017,
  PAGES        = 1000,
  ANNOTE       = "private",
  NOTE         = {\url{http://www.cppbuch.de/}}
}

@BOOK{Capper:1994:CSE,
  AUTHOR       = {Derek Capper},
  TITLE        = "C++ for Scientists, Engineers and Mathematicians",
  PUBLISHER    = "Springer",
  YEAR         = 1994,
  ANNOTE       = "Math.-Lib. Linz: 14607"
}

@BOOK{Capper:2001:CSE,
  AUTHOR       = {Derek Capper},
  TITLE        = "Introducing C++ for Scientists, Engineers and Mathematicians",
  PUBLISHER    = "Springer",
  YEAR         = 2001
}

@BOOK{ClaussFischer:1988:PMA,
  AUTHOR       = {Matthias Clau{\ss} and G\"unther Fischer},
  TITLE        = "Programmieren mit {C}",
  PUBLISHER    = "Verlag Technik",
  YEAR         = 1988
}

@BOOK{Davis:1997:CD,
  AUTHOR       = {Stephen R. Davis},
  TITLE        = {C++ f\"ur {D}ummies},
  EDITION      = "2.",
  PUBLISHER    = "Internat. Thomson Publ.",
  ADDRESS      = {Bonn/Albany/Attenkirchen},
  YEAR         = 2000,
  ANNOTE       = {ISBN 3-8266-2749-0}
}

@BOOK{Erlenkoetter:1999:CPA,
  AUTHOR       = {Helmut Erlenk\"otter},
  TITLE        = "{C P}rogrammieren von {A}nfang an",
  PUBLISHER    = "Rowohlt",
  YEAR         = 1999
}

@BOOK{Fibelkorn:2007:SKP,
  AUTHOR       = {Fibelkorn},
  TITLE        = {Die schwarze Kunst der Programmierung},
  PUBLISHER    = "Semele Verlag",
  YEAR         = 2007,
  PAGES        = 255,
  ANNOTE       = "Math.-Lib. Graz: 66 F 443"
}

@BOOK{Filipek:2018:SKP,
  AUTHOR       = {Bart\l{}omiej Filipek},
  TITLE        = {C++17 in detail},
  PUBLISHER    = "bfilipek.com",
  YEAR         = 2018,
  PAGES        = 255,
  ANNOTE       = "institute"
}

@BOOK{FogelBar:2004:OSP,
  AUTHOR       = {Karl Fogel and Moshe Bar},
  TITLE        = "{O}pen {S}ource-{P}rojekte mit {CVS}",
  PUBLISHER    = "mitp-Verlag",
  ADDRESS      = "Bonn",
  EDITION      = {3.},
  YEAR         = 2004,
  ANNOTE       = "Math.-Lib. Graz: 66F 655"
}


@BOOK{Galowicz:2017:CPS,
  AUTHOR       = {Jacek Galowicz},
  TITLE        = "{C++17 STL} Cookbook",
  PUBLISHER    = "Packt Publishing",
  YEAR         = 2017,
  URL          = {https://github.com/PacktPublishing/Cpp17-STL-Cookbook},
  ANNOTE       = "Institute: 52,78 EUR"
}

@BOOK{Gode:1998:ANK,
  AUTHOR       = {Eduard Gode},
  TITLE        = "{ANSI C++:} kurz $\&$ gut",
  PUBLISHER    = "O'Reilly",
  YEAR         = 1998,
  ANNOTE       = ""
}

@BOOK{Gottschling:2019:FMC,
  AUTHOR       = {Peter Gottschling},
  TITLE        = {Forschung mit modernem C++},
  PUBLISHER    = "Hanser Fachbuch",
  ISBN         = {978-3-446-45846-8},
  YEAR         = "2019"
}

@BOOK{Grimm:2021:CMC,
  AUTHOR       = {Rainer Grimm},
  TITLE        = {Concurrency with Modern C++},
  PUBLISHER    = {leanpub.com},
  YEAR         = 2021,
  PAGES        = 569,
  NNOTE        = "Ebook"
}


@BOOK{Grimm:2021:CST,
  AUTHOR       = {Rainer Grimm},
  TITLE        = {The C++ Standard Library},
  PUBLISHER    = {leanpub.com},
  YEAR         = 2021,
  PAGES        = 295,
  NNOTE        = "Ebook"
}

@BOOK{Grimm:2021:CGD,
  AUTHOR       = {Rainer Grimm},
  TITLE        = {C++20: Get the Details},
  PUBLISHER    = {leanpub.com},
  YEAR         = 2021,
  PAGES        = 517,
  NNOTE        = "Ebook"
}


@BOOK{Grimm:2011:CLP,
  AUTHOR       = {Rainer Grimm},
  TITLE        = {C++11: Der Leitfaden f√ºr Programmierer zum neuen Standard},
  PUBLISHER    = "Addison-Wesley",
  ADDRESS      = {M\"unchen},
  YEAR         = 2011,
  PAGES        = 553,
  ANNOTE       = "private"
}


@BOOKLET{Haase:2004:EPC,
  AUTHOR       = {Gundolf Haase},
  TITLE        = {Einf\"uhrung in die {P}rogrammierung - {C++}},
  YEAR         = 2018,
  HOWPUBLISHED = {Vorlesungsskript},
  ADDRESS      = {Institut f\"ur Mathematik und wissenschaftliches Rechnen, Uni Graz}
}

@BOOK{Herrmann:1997:CNW,
  AUTHOR       = {Dietmar Herrmann},
  TITLE        = {{C++} f\"ur {N}aturwissenschaftler},
  PUBLISHER    = "Addison-Wesley",
  ADDRESS      = {Bonn},
  PAGES	       = 496,
  EDITION      = "4.",
  YEAR         = 2000,
  ANNOTE       = "ISBN 3-827-31531-X"
}

@BOOK{Herrmann:2001:EPC,
  AUTHOR       = {Dietmar Herrmann},
  TITLE        = "{E}ffektiv {P}rogrammieren in {C} und {C++}",
  PUBLISHER    = "Vieweg",
  YEAR         = 2001,
  EDITION      = "5.",
  ANNOTE       = "Math.-Lib. Linz: 15538"
}

@BOOK{HuntThomas:2003:DPP,
  AUTHOR       = {Andrew Hunt and David Thomas},
  TITLE        = {Der {P}ragmatische {P}rogrammierer},
  PUBLISHER    = "Hanser Fachbuch",
  YEAR         = "2003"
}

@BOOK{Josuttis:1994:OPC,
  AUTHOR       = {Nicolai Josuttis},
  TITLE        = {Objektorientiertes {P}rogrammieren in {C++:}
  	von der {K}lasse zur {K}lassenbibliothek},
  PUBLISHER    = "Addison-Wesley",
  ADDRESS      = {Bonn/Paris/Reading},
  PAGES	       = 553,
  EDITION      = "3.",
  YEAR         = 1994,
  ANNOTE       = "ISBN 3-89319-637-4"
}

@BOOK{KirchPrinz:2002:OOP,
  AUTHOR       = {Ulla Kirch-Prinz and Peter Prinz},
  TITLE        = {OOP mit C++},
  PUBLISHER    = "Galileo Press",
  EDITION      = {limitierte Studentenausgabe},
  YEAR         = "2002"
}

@BOOK{KirchPrinz:2003:CCP,
  AUTHOR       = {Ulla Kirch-Prinz and Peter Prinz},
  TITLE        = {C++ f\"ur {C-P}rogrammierer},
  PUBLISHER    = "Galileo Press",
  YEAR         = "Okt. 2003"
}

@BOOK{KirchPrinz:2002:AOP,
  AUTHOR       = {Ulla Kirch-Prinz and Peter Prinz},
  TITLE        = {Alles zur objektorientierten {P}rogrammierung},
  PUBLISHER    = "Galileo Press",
  YEAR         = "2002"
}

@BOOK{KuhlinsSchader:2002:DCS,
  AUTHOR       = {Stefan Kuhlins and Martin Schader},
  TITLE        = "Die {C++} {S}tandardbibliothek",
  PUBLISHER    = "Springer",
  ADDRESS      = "Berlin, Heidelberg",
  YEAR         = 2002,
  EDITION      = "3.",
  ANNOTE       = "Math.-Lib. Graz: 66K 96"
}


@BOOK{Louis:2006:CPE,
  AUTHOR       = {Dirk Louis},
  TITLE        = {C++: Programmieren mit einfachen Beispielen. Leicht - Klar - Sofort},
  PUBLISHER    = "Markt und Technik",
  YEAR         = 2006,
  PAGES        = 384,
  ANNOTE       = "Math.-Lib. Graz: xxxxx"
}


@BOOK{Meyers:1998:ECP,
  AUTHOR       = {Scott Meyers},
  TITLE        = "Effektiv {C++} programmieren",
  PUBLISHER    = "Addison-Wesley",
  YEAR         = 1998,
  EDITION      = "3., aktualisierte",
  ANNOTE       = "Math.-Lib. Linz: 15622"
}

@BOOK{Meyers:1997:MEC,
  AUTHOR       = {Scott Meyers},
  TITLE        = "Mehr effektiv {C++} programmieren",
  PUBLISHER    = "Addison-Wesley",
  YEAR         = 1997,
  ANNOTE       = "Math.-Lib. Linz: 15621"
}

@BOOK{Meyers:2001:EST,
  AUTHOR       = {Scott Meyers},
  TITLE        = "Effective {STL}: 50 Specific Ways to Improve Your
                  Use of the Standard Template Library",
  SERIES       = {Addison-Wesley Professional Computing Series},
  PUBLISHER    = "Addison-Wesley",
  YEAR         = 2001,
  ANNOTE       = "Math.-Lib. Graz: 66M 613"
}

@BOOK{Meyers:2015:EMP,
  AUTHOR       = {Scott Meyers},
  TITLE        = "Effective Modern {C++}: 42 Specific Ways to Improve Your
                  Use of {C++11} and {C++14}",
  SERIES       = {Addison-Wesley Professional Computing Series},
  PUBLISHER    = "O'Reilly",
  YEAR         = 2015,
  ANNOTE       = "Math.-Lib. Graz: "
}

@BOOK{Microsoft:1993:REC,
  AUTHOR       = {Microsoft Corp.},
  TITLE        = "Richtig einsteigen in {C++}",
  PUBLISHER    = "Microsoft Press",
  YEAR         = 1993
}

@BOOK{OramTalbott:1993:MPM,
  AUTHOR       = {Andrew Oram and Steve Talbott},
  TITLE        = "Managing Projects with make",
  PUBLISHER    = "O'Reilly",
  YEAR         = 1993,
  ANNOTE       = "Math.-Lib. Linz: 13448"
}

@BOOK{PombergerDobler:2008:AUD,
  AUTHOR       = {Gustav Pomberger and Heinz Dobler},
  TITLE        = "Algorithmen und Datenstrukturen",
  PUBLISHER    = {Pearson Studies},
  YEAR         = 2008,
  ANNOTE       = "privat"
}

@BOOK{Purdy:2004:CKG,
  AUTHOR       = {Gregor N. Purdy},
  TITLE        = "{CVS} kurz $\&$ gut",
  PUBLISHER    = "O'Reilly",
  EDITION      = {deutsche},
  YEAR         = 2004,
  ANNOTE       = "Math.-Lib. Graz: 66P 985"
}


@BOOK{SatirBrown:1995:PCP,
  AUTHOR       = {Gregory Satir and Doug Brown},
  TITLE        = "C++: The Core Language",
  PUBLISHER    = "O'Reilly",
  YEAR         = 1995,
  ANNOTE       = ""
}

@BOOK{SchaderKuhlins:1998:PCP,
  AUTHOR       = {Martin Schader and Stefan Kuhlins},
  TITLE        = "Programmieren in {C++}",
  PUBLISHER    = "Springer",
  ADDRESS      = "Heidelberg",
  YEAR         = 1998,
  EDITION      = "5.~neubearbeitete",
  ANNOTE       = "Math.-Lib. Graz: 66S 292"
}

@BOOK{Schildt:2003:CCG,
  AUTHOR       = {Herbert Schildt},
  TITLE        = "{C/C++ ge-packt}",
  PUBLISHER    = "mitp-Verlag",
  ADDRESS      = "Berlin",
  EDITION      = "2.",
  YEAR         = 2003,
  ANNOTE       = "privat"
}

@BOOK{Schmaranz:2002:SCP,
  AUTHOR       = {Klaus Schmaranz},
  TITLE        = "Softwareentwicklung in {C++}",
  PUBLISHER    = "Springer",
  ADDRESS      = "Heidelberg",
  YEAR         = 2002,
  ANNOTE       = "Math.-Lib. Graz: 66S 347"
}

@BOOK{SpillnerBreymann:2016:LTP,
  AUTHOR       = {Andreas Spillner and Ulrich Breymann},
  TITLE        = {Lean Testing f√ºr C++-Programmierer},
  PUBLISHER    = "dpunkt.verlag",
  YEAR         = 2016,
  PAGES        = 246,
  ANNOTE       = "office: Haase"
}

@BOOK{Strasser:1997:CMS,
  AUTHOR       = {Thomas Strasser},
  TITLE        = "C++ mit {S}til",
  PUBLISHER    = "dpunkt",
  YEAR         = 1997,
  ANNOTE       = ""
}

@BOOK{Strasser:2003:PMS,
  AUTHOR       = {Thomas Strasser},
  TITLE        = {Programmieren mit {S}til. Eine systematische {E}inf\"uhrung},
  PUBLISHER    = "dpunkt",
  YEAR         = 2003,
  ANNOTE       = ""
}

@BOOK{Stroustrup:2000:CPP,
  AUTHOR       = "Bjarne Stroustrup",
  TITLE        = "Die {C++} {P}rogrammiersprache",
  PUBLISHER    = "Addison-Wesley",
  YEAR         = 2000,
  EDITION      = "4.~aktualisierte",
  ANNOTE       = "Math.-Lib. Linz: 15537"
}

@BOOK{Stroustrup:2010:EPC,
  AUTHOR       = "Bjarne Stroustrup",
  TITLE        = {Einf\"uhrung in die Programmierung mit {C++}},
  PUBLISHER    = "Pearson Studium",
  ADDRESS      = {M\"unchen},
  YEAR         = 2010,
  ANNOTE       = "privat"
}

@BOOK{Sutter:2000:ECP,
  AUTHOR       = {Herb Sutter},
  TITLE        = "Exceptional {C++}: 47 engineering puzzles,
                  programming problems, and solutions",
  SERIES       = {C++ In-Depth Series},
  EDITORS      = {Bjarne Stroustrup},
  PUBLISHER    = "Addison-Wesley Longman",
  YEAR         = 2000,
  ANNOTE       = "Math.-Lib. Graz: 66S 967"
}

@BOOK{Thoemmes:2004:NZC,
  AUTHOR       = {Peter Th\"ommes},
  TITLE        = "Notizen zu {C++}",
  SERIES       = {Xpert.press},
  PUBLISHER    = "Springer",
  ADDRESS      = "Heidelberg",
  YEAR         = 2004,
  ANNOTE       = "Math.-Lib. Graz: 66T 449"
}

@BOOK{Yang:2001:COO,
  AUTHOR       = "Daoqi Yang",
  TITLE        = "C++ and object-oriented numeric computing for Scientists and Engineers",
  PUBLISHER    = "Springer",
  ADDRESS      = "New York",
  YEAR         = 2001,
  ANNOTE       = "Math.-Lib. Graz: 66Y22"
}

@BOOK{Will:2012:CPT,
  AUTHOR       = {Torsten Will},
  TITLE        = {C++11 programmieren: 60 Techniken f\"ur guten C++11-Code },
  PUBLISHER    = "Galileo Computing",
  YEAR         = "2012",
  ANNOTE       = "private",
  NOTE         = "mit CD-ROM"
}

@BOOK{Will:2018:CPT,
  AUTHOR       = {Torsten Will},
  TITLE        = {C++11 Das umfassende Handbuch - Aktuell zu C++17},
  PUBLISHER    = "Rheinwerk Computing",
  YEAR         = "2018",
  EDITION      = {1st},
  ANNOTE       = "private",
  NOTE         = "Bsp. zum Download; 41,10 EUR"
}

@BOOK{Will:2020:CST,
  AUTHOR       = {Torsten Will},
  TITLE        = {The C++ Standard Library},
  PUBLISHER    = "\htmladdnormallink{Leanpub}{http://leanpub.com/cpplibrary}",
  YEAR         = "2020",
  EDITION      = {3rd},
  ANNOTE       = "ebook, version from 2020-12-26"
}

@BOOK{Will:2020:CMC,
  AUTHOR       = {Torsten Will},
  TITLE        = {Concurrency with Modern C++},
  PUBLISHER    = "\htmladdnormallink{Leanpub}{http://leanpub.com/concurrencywithmodernc}",
  YEAR         = "2020",
  ANNOTE       = "ebook, version from 2020-12-28"
}

@BOOK{Will:2020:CGD,
  AUTHOR       = {Torsten Will},
  TITLE        = {C++20 Get the Details},
  PUBLISHER    = "\htmladdnormallink{Leanpub}{http://leanpub.com/c20}",
  YEAR         = "2020",
  ANNOTE       = "ebook, version from 2021-03-17"
}


@BOOK{Wolf:2006:CAZ,
  AUTHOR       = {J{\"u}rgen Wolf},
  TITLE        = {C++ von A bis Z},
  PUBLISHER    = "Galileo Press",
  YEAR         = "2006",
  ANNOTE       = "Math.-Lib. Graz: 66 W 854",
  NOTE         = "mit CD-ROM"
}

